<record xmlns="http://www.loc.gov/MARC21/slim" xmlns:xsi="http://www.w3.org/2001/XMLSchema-instance" xsi:schemaLocation="http://www.loc.gov/MARC21/slim http://www.loc.gov/standards/marcxml/schema/MARC21slim.xsd">

  <leader>00769nam a2200181Ia 4500</leader>
  <datafield ind2=" " ind1=" " tag="999">
    <subfield code="c">2207</subfield>
    <subfield code="d">2207</subfield>
  </datafield>
  <controlfield tag="008">180712b1995    cr ||||| |||| 00| | spa d</controlfield>
  <datafield ind1=" " ind2=" " tag="090">
    <subfield code="a">18.01.00 </subfield>
    <subfield code="b">172</subfield>
  </datafield>
  <datafield tag="111" ind2=" " ind1="2">
    <subfield code="a">Jornada de la Carrera de Trabajo Social (1995 : San José, C.R.)</subfield>
    <subfield code="9">3994</subfield>
  </datafield>
  <datafield ind2="0" ind1="1" tag="245">
    <subfield code="a">Investigación cualitativa y su aporte a la investigación social: reflexiones teórico-metodológicas. Memoria / </subfield>
    <subfield code="c">Jornada de la Carrera de Trabajo Social (1995 : San José, C.R.)</subfield>
  </datafield>
  <datafield tag="260" ind1=" " ind2=" ">
    <subfield code="a">San José, Costa Rica : </subfield>
    <subfield code="b">UCR, Sede de Occidente, Coordinación de Investigación, </subfield>
    <subfield code="c">1995</subfield>
  </datafield>
  <datafield ind2=" " ind1=" " tag="300">
    <subfield code="a">64 páginas</subfield>
  </datafield>
  <datafield tag="650" ind1="1" ind2="4">
    <subfield code="a">INVESTIGACIÓN CUALITATIVA</subfield>
    <subfield code="9">317</subfield>
  </datafield>
  <datafield ind2="4" ind1="1" tag="650">
    <subfield code="a">INVESTIGACIÓN SOCIAL</subfield>
    <subfield code="9">290</subfield>
  </datafield>
  <datafield ind1="1" ind2="4" tag="650">
    <subfield code="a">TRABAJO SOCIAL </subfield>
    <subfield code="9">543</subfield>
  </datafield>
  <datafield tag="650" ind1=" " ind2=" ">
    <subfield code="a"> BIBLIOTECAS ESCOLARES</subfield>
  </datafield>
  <datafield tag="650" ind2=" " ind1=" ">
    <subfield code="a">DOCENTES</subfield>
  </datafield>
  <datafield ind1=" " ind2=" " tag="942">
    <subfield code="2">z</subfield>
    <subfield code="c">01</subfield>
  </datafield>
</record>